@book{white2024,
  author    = {Elecia White},
  title     = {Making Embedded Systems},
  edition   = {2nd},
  year      = {2024},
  publisher = {O'Reilly Media},
}

@misc{myersInterrupts,
  author       = {Chris J. Myers},
  title        = {Lecture 9: Interrupts in the 6812},
  year         = {n.d.},
  institution  = {Rose Hulman},
  note         = {Lecture notes for ECE/CS 5780/6780: Embedded System Design},
  url          = {https://www.rose-hulman.edu/class/ee/hoover/ece331/old%20stuff/my%20csm12c32%20downloads/lec9-2x3.pdf},
  accessdate   = {2024-12-23}
}

@book{BetterEmbeddedSystemSoftware,
  author    = {Philip Koopman},
  title     = {Better Embedded System Software, 1st Edition, Revised 2021},
  year      = {2021},
}

@article{beningoConst,
  author       = {Jacob Beningo},
  title        = {Embedded Basics: Peculiarities of the Keyword \texttt{const}},
  year         = {2015},
  url          = {https://www.beningo.com/embedded-basics-peculiarities-of-the-keyword-const/},
  note         = {Accessed: 2024-12-23}
}

@misc{embedded_com_Static,
  author       = {Embedded Staff},
  title        = {The C Keyword: \texttt{static}},
  year         = {2014},
  url          = {https://www.embedded.com/the-c-keyword-static/},
  note         = {Accessed: 2024-12-23}
}

@misc{arm_static,
  author       = {Jacob Beningo},
  title        = {Using the \texttt{static} Keyword in C},
  year         = {2014},
  url          = {https://community.arm.com/arm-community-blogs/b/embedded-blog/posts/using-the-static-keyword-in-c},
  note         = {Accessed: 2024-12-23}
}

@misc{digikey_priority_inversion,
  author       = {Shawn Hymel},
  title        = {Introduction to RTOS: Solution to Part 11 - Priority Inversion},
  year         = {2021},
  publisher    = {Digi-Key Electronics},
  url          = {https://www.digikey.com/en/maker/projects/introduction-to-rtos-solution-to-part-11-priority-inversion/abf4b8f7cd4a4c70bece35678d178321},
  note         = {Accessed: 2024-12-23}
}

@misc{digikey_rtos,
  author       = {Shawn Hymel},
  title        = {What is a Real-Time Operating System (RTOS)?},
  year         = {2021},
  publisher    = {Digi-Key Electronics},
  url          = {https://www.digikey.com/en/maker/projects/what-is-a-realtime-operating-system-rtos/28d8087f53844decafa5000d89608016},
  note         = {Accessed: 2024-12-23}
}

@article{AbramovitchPID,
  author={Abramovitch, Daniel Y.},
  booktitle={2015 IEEE Conference on Control Applications (CCA)}, 
  title={A unified framework for analog and digital PID controllers}, 
  year={2015},
  volume={},
  number={},
  pages={1492-1497},
  keywords={Mathematical model;PD control;Time-domain analysis;Gain;MATLAB;Filtering;Frequency control},
  doi={10.1109/CCA.2015.7320822}
}

@misc{looi_bitbanging,
  author       = {Looi Kian Seong},
  title        = {Introduction to Bit-Banging},
  year         = {2020},
  url          = {https://medium.com/@kslooi/introduction-to-bit-banging-46e114db3466},
  note         = {Accessed: 2024-12-23}
}

@misc{seander_bithacks,
  author       = {Sean Eron Anderson},
  title        = {Bit Twiddling Hacks},
  year         = {n.d.},
  url          = {https://graphics.stanford.edu/~seander/bithacks.html},
  note         = {Accessed: 2024-12-23}
}

@online{cadence_canbus_history,
  title = {CAN Bus History at a Glance},
  author = {{Cadence}},
  year = {n.d.},
  url = {https://resources.pcb.cadence.com/blog/2022-can-bus-history-at-a-glance},
  note = {Accessed: 2024-12-25}
}

@online{wikipedia_differential_signalling,
  author       = {{Gutten på Hemsen}},
  title        = {Differential signalling},
  year         = {n.d.},
  url          = {https://en.wikipedia.org/wiki/Differential_signalling#/media/File:Differential_signal_fed_into_a_differential_amplifier.svg},
  note         = {Accessed: 2024-12-25, CC-BY-SA 4.0}
}

@MISC {stackoverflow_diff_pair_noise,
    TITLE = {Noise can be Differential or Common!},
    AUTHOR = {Andy aka (https://electronics.stackexchange.com/users/20218/andy-aka)},
    HOWPUBLISHED = {Electrical Engineering Stack Exchange},
    NOTE = {URL:https://electronics.stackexchange.com/q/231301 (version: 2016-04-29), CC-BY-SA},
    EPRINT = {https://electronics.stackexchange.com/q/231301},
    URL = {https://electronics.stackexchange.com/q/231301}
}

@online{wikipedia_can_bus_image,
  author       = {{Stefan-Xp}},
  title        = {CAN Bus — Elektrische Zweidrahtleitung},
  year         = {n.d.},
  url          = {https://en.wikipedia.org/wiki/CAN_bus#/media/File:CAN-Bus_Elektrische_Zweidrahtleitung.svg},
  note         = {Accessed: 2024-12-25, CC-BY-SA 3.0}
}

@online{ti_can_signal_levels,
  author       = {{John Griffith - Texas Instruments}},
  title        = {What Do CAN Bus Signals Look like?},
  year         = {2023},
  url          = {https://www.ti.com/document-viewer/lit/html/SSZTCN3#:~:text=As%20you%20can%20see%2C%20in,potential%20(approximately%201.5V).},
  note         = {Accessed: 2024-12-25}
}

@online{sparkfun_i2c_history,
  author       = {{SparkFun Electronics}},
  title        = {I2C},
  year         = {n.d.},
  url          = {https://learn.sparkfun.com/tutorials/i2c/a-brief-history-of-i2c},
  note         = {Accessed: 2024-12-26}
}

@online{wikipedia_i2c_bus_image,
  author       = {{Tim Mathias}},
  title        = {Example I2C Schematic},
  year         = {2021},
  url          = {https://en.wikipedia.org/wiki/I%C2%B2C#/media/File:I2C_controller-target.svg},
  note         = {Accessed: 2024-12-26, CC-BY-SA 4.0}
}

@online{SPI_history,
  author = {{Total Phase}},
  title = {SPI Background},
  year = {n.d.},
  url = {https://www.totalphase.com/support/articles/200349236-spi-background/?srsltid=AfmBOooNHnQYWKPxz4YWdKyz9Bp4tEq3lw87j9EO6zr8YzMyRQkNYJz1},
  note = {Accessed: 2024-12-26}
}

@online{wikipedia_SPI_bus,
  author = {{User:Cburnett}},
  title = {SPI Three Slaves},
  year = {2006},
  url = {https://commons.wikimedia.org/wiki/File:SPI_three_slaves.svg},
  note = {Accessed: 2024-12-26, CC-BY-SA 3.0}
}